<?xml version="1.0" encoding="UTF-8"?><collection xmlns="http://www.loc.gov/MARC21/slim"><record><leader>00375nam--2200133-i-4500</leader><controlfield tag="001">000019438</controlfield><controlfield tag="002">20161230</controlfield><controlfield tag="005">20161230201033</controlfield><controlfield tag="008">060222s1000------------r-----000-0-eng-d</controlfield><datafield ind1=" " ind2=" " tag="080"><subfield code="a">62-52(03):681.2(03)</subfield></datafield><datafield ind1=" " ind2=" " tag="245"><subfield code="a">Encyclopedia of instrumentation and control</subfield></datafield><datafield ind1=" " ind2=" " tag="260"><subfield code="a">New York, Mcgraw-hill Book Company, 1971. Xxii + 788 P</subfield></datafield><datafield ind1=" " ind2=" " tag="700"><subfield code="a">Considine, Douglas M</subfield></datafield><datafield ind1=" " ind2=" " tag="852"><subfield code="a">D.491</subfield></datafield></record></collection>